<?xml version="1.0" encoding="UTF-8"?><collection xmlns="http://www.loc.gov/MARC21/slim"><record><leader>00547nam--2200205-i-4500</leader><controlfield tag="001">000032706</controlfield><controlfield tag="002">20161230</controlfield><controlfield tag="005">20161230201039</controlfield><controlfield tag="008">060222s1000------------r-----000-0-eng-d</controlfield><datafield ind1=" " ind2=" " tag="020"><subfield code="a">0306406918</subfield></datafield><datafield ind1=" " ind2=" " tag="040"><subfield code="a">IFIN-HH</subfield></datafield><datafield ind1=" " ind2=" " tag="080"><subfield code="a">535.371/372:543.246</subfield></datafield><datafield ind1="1" ind2=" " tag="100"><subfield code="a">Wehry, E.L</subfield></datafield><datafield ind1="1" ind2="0" tag="245"><subfield code="a">Modern fluorescence spectroscopy</subfield><subfield code="c">E.l. wehry (ed.)</subfield></datafield><datafield ind1=" " ind2=" " tag="260"><subfield code="a">New York</subfield><subfield code="b">Plenum Press</subfield><subfield code="c">1981</subfield></datafield><datafield ind1=" " ind2=" " tag="300"><subfield code="a">2 VOLUME</subfield></datafield><datafield ind1=" " ind2=" " tag="490"><subfield code="a">Modern Analytical Chemistry</subfield></datafield><datafield ind1="1" ind2=" " tag="787"><subfield code="a">Vol. 4</subfield><subfield code="h">Xvi + 282p</subfield></datafield><datafield ind1=" " ind2=" " tag="852"><subfield code="a">49938</subfield><subfield code="c">535.37</subfield></datafield><datafield ind1=" " ind2=" " tag="CAT"><subfield code="a">Sys</subfield><subfield code="c">20110427</subfield><subfield code="h">125511</subfield></datafield></record></collection>